% Can put this here: /usr/share/doc/texlive-doc/bibtex

@article{Metropolis1953,
  title={Equation of state calculations by fast computing machines},
  author={Metropolis, Nicholas and Rosenbluth, Arianna W and Rosenbluth, Marshall N and Teller, Augusta H and Teller, Edward},
  journal={The journal of chemical physics},
  volume={21},
  number={6},
  pages={1087--1092},
  year={1953},
  publisher={AIP}
}

@article {Allen1959,
author = {Van Allen, James A.},
title = {The geomagnetically trapped corpuscular radiation},
journal = {Journal of Geophysical Research},
volume = {64},
number = {11},
issn = {2156-2202},
url = {http://dx.doi.org/10.1029/JZ064i011p01683},
doi = {10.1029/JZ064i011p01683},
pages = {1683--1689},
year = {1959},
}

@inproceedings{Vernov1960,
  title={Investigation of radiation in outer space},
  author={Vernov, SN and Chudakov, AE},
  booktitle={International Cosmic Ray Conference},
  volume={3},
  pages={19},
  year={1960}
}


@article{Dungey1961,
  title = {Interplanetary Magnetic Field and the Auroral Zones},
  author = {Dungey, J. W.},
  journal = {Phys. Rev. Lett.},
  volume = {6},
  issue = {2},
  pages = {47--48},
  numpages = {0},
  year = {1961},
  month = {Jan},
  publisher = {American Physical Society},
  doi = {10.1103/PhysRevLett.6.47},
  url = {http://link.aps.org/doi/10.1103/PhysRevLett.6.47}
}

@article {Anderson1964,
author = {Anderson, K. A. and Milton, D. W.},
title = {Balloon observations of {X} rays in the auroral zone: 3. {H}igh time resolution studies},
journal = {Journal of Geophysical Research},
volume = {69},
number = {21},
issn = {2156-2202},
url = {http://dx.doi.org/10.1029/JZ069i021p04457},
doi = {10.1029/JZ069i021p04457},
pages = {4457--4479},
year = {1964},
}

@article{Brown1965_2,
title = {BALLOON OBSERVATIONS OF AURORAL ZONE X RAYS IN CONJUGATE REGIONS. 2. MICROBURSTS AND PULSATIONS},
author = {Brown, R.R. and Barcus, J.R. and Parsons, N.R.},
abstractNote = {},
doi = {10.1029/JZ070i011p02599},
journal = {Journal of Geophysical Research (U.S.)},
volume = 70,
year = {1965},
month = {6}
}

@article{Trefall1966,
  title={On the extension of auroral-zone X-ray microbursts},
  author={Trefall, H and Bjordal, J and Ullaland, SL and Stadsnes, J},
  journal={Journal of Atmospheric and Terrestrial Physics},
  volume={28},
  number={2},
  pages={225--233},
  year={1966},
  publisher={Elsevier}
}

@article{Barcus1966,
  title={Spatial and temporal character of fast variations in auroral-zone X rays},
  author={Barcus, JR and Brown, RR and Rosenberg, TJ},
  journal={Journal of Geophysical Research},
  volume={71},
  number={1},
  pages={125--141},
  year={1966},
  publisher={Wiley Online Library}
}


@article{Parks1967,
  title={Spatial characteristics of auroral-zone {X-ray} microbursts},
  author={Parks, George K},
  journal={Journal of Geophysical Research},
  volume={72},
  number={1},
  pages={215--226},
  year={1967},
  publisher={Wiley Online Library}
}

@article {Oliven1968,
author = {Oliven, M. N. and Gurnett, D. A.},
title = {Microburst phenomena: 3. An association between microbursts and VLF chorus},
journal = {Journal of Geophysical Research},
volume = {73},
number = {7},
issn = {2156-2202},
url = {http://dx.doi.org/10.1029/JA073i007p02355},
doi = {10.1029/JA073i007p02355},
pages = {2355--2362},
keywords = {Particles and Fields in the Earth's Magnetosphere: Plasma instabilities, Particles and Fields in the Earth's Magnetosphere: Whistlers},
year = {1968},
}

@article{Hoffman1968,
  title={Field-aligned electron bursts at high latitudes observed by Ogo 4},
  author={Hoffman, Robert Adolph and Evans, David Stanley},
  journal={Journal of Geophysical Research},
  volume={73},
  number={19},
  pages={6201--6214},
  year={1968},
  publisher={Wiley Online Library}
}

@article{Hastings1970,
  title={Monte Carlo sampling methods using Markov chains and their applications},
  author={Hastings, W Keith},
  year={1970},
  publisher={Oxford University Press}
}

@article{Brown1972,
  title={High-energy electron spikes at high latitudes},
  author={Brown, JW and Stone, EC},
  journal={Journal of Geophysical Research},
  volume={77},
  number={19},
  pages={3384--3396},
  year={1972},
  publisher={Wiley Online Library}
}


@book{Schulz1974, 
place={United States}, 
title={Particle Diffusion in the Radiation Belts}, 
publisher={Springer}, 
author={Schulz, M. and Lanzerotti, L. J.}, 
url = {https://dx.doi.org/10.1007/978-3-642-65675-0},
year={1974}, 
month={Dec}
}

@article{Gurnett1979,
  title={Initial results from the ISEE-1 and-2 plasma wave investigation},
  author={Gurnett, DA and Anderson, RR and Scarf, FL and Fredricks, RW and Smith, EJ},
  journal={Space Science Reviews},
  volume={23},
  number={1},
  pages={103--122},
  year={1979},
  publisher={Springer}
}

@techreport{sgp4,
	title = {Models for Propagation of
NORAD Element Sets},
	author = {Hoots, Felix R and Roehrich, Ronald L},
	institution = {Spacetrack},
	year = 1980,
	number = 3,
}

@Inbook{Thorne1980,
author="Thorne, Richard M. and Andreoli, Leo J.",
editor="Deehr, Charles S. and Holtet, Jan A.",
title="Mechanisms for Intense Relativistic Electron Precipitation",
bookTitle="Exploration of the Polar Upper Atmosphere: Proceedings of the NATO Advanced Study Institute held at Lillehammer, Norway, May 5--16, 1980",
year="1981",
publisher="Springer Netherlands",
address="Dordrecht",
pages="381--394",
isbn="978-94-009-8417-2",
doi="10.1007/978-94-009-8417-2\_31",
url="https://doi.org/10.1007/978-94-009-8417-2\_31"
}

@article{Berchem1982,
  title={The thickness of the magnetopause current layer: ISEE 1 and 2 observations},
  author={Berchem, Jean and Russell, CT},
  journal={Journal of Geophysical Research: Space Physics},
  volume={87},
  number={A4},
  pages={2108--2114},
  year={1982},
  publisher={Wiley Online Library}
}

@article{Olson1982,
author = {Olson, W. P. and Pfitzer, K. A.},
title = {A dynamic model of the magnetospheric magnetic and electric fields for July 29, 1977},
journal = {Journal of Geophysical Research: Space Physics},
volume = {87},
number = {A8},
issn = {2156-2202},
url = {http://dx.doi.org/10.1029/JA087iA08p05943},
doi = {10.1029/JA087iA08p05943},
pages = {5943--5948},
year = {1982},
}

@article{Thieman1985,
  title={Determination of inverted-V stability from Dynamics Explorer satellite data},
  author={Thieman, James R and Hoffman, Robert A},
  journal={Journal of Geophysical Research: Space Physics},
  volume={90},
  number={A4},
  pages={3511--3516},
  year={1985},
  publisher={Wiley Online Library}
}

@article {Chappell1987,
author = {Chappell, C. R. and Moore, T. E. and Waite, J. H.},
title = {The ionosphere as a fully adequate source of plasma for the Earth's magnetosphere},
journal = {Journal of Geophysical Research: Space Physics},
volume = {92},
number = {A6},
issn = {2156-2202},
url = {http://dx.doi.org/10.1029/JA092iA06p05896},
doi = {10.1029/JA092iA06p05896},
pages = {5896--5910},
keywords = {Particle acceleration, Plasma convection, Magnetosphere/ionosphere interactions, Magnetospheric configuration and dynamics},
year = {1987},
}



@article{Tsyganenko1989,
title = "A solution of the Chapman-Ferraro problem for an ellipsoidal magnetopause",
journal = "Planetary and Space Science",
volume = "37",
number = "9",
pages = "1037 - 1046",
year = "1989",
note = "",
issn = "0032-0633",
doi = "http://dx.doi.org/10.1016/0032-0633(89)90076-7",
url = "http://www.sciencedirect.com/science/article/pii/0032063389900767",
author = "N.A. Tsyganenko",
}

@article{Imhof1991,
  title={The precipitation of relativistic electrons near the trapping boundary},
  author={Imhof, WL and Voss, HD and Mobilia, J and Datlowe, DW and Gaines, EE},
  journal={Journal of Geophysical Research: Space Physics},
  volume={96},
  number={A4},
  pages={5619--5629},
  year={1991},
  publisher={Wiley Online Library}
}

@book{Walker1993,
  title={Plasma waves in the magnetosphere},
  author={Walker, A David M},
  volume={24},
  year={1993},
  publisher={Springer Science \& Business Media}
}

@article{Klecker1993,
  title={{HILT}: A heavy ion large area proportional counter telescope for solar and anomalous cosmic rays},
  author={Klecker, Berndt and Hovestadt, Dietrich and Scholer, Manfred and Arbinger, H and Ertl, M and Kastele, H and Kunneth, E and Laeverenz, P and Seidenschwang, E and Blake, J Bernard and others},
  journal={IEEE transactions on geoscience and remote sensing},
  volume={31},
  number={3},
  pages={542--548},
  year={1993},
  publisher={IEEE}
}

@article{Baker1993,
  title={An overview of the solar anomalous, and magnetospheric particle explorer ({SAMPEX}) mission},
  author={Baker, Daniel N and Mason, Glenn M and Figueroa, Orlando and Colon, Gilberto and Watzin, Jim G and Aleman, Roberto M},
  journal={IEEE Transactions on Geoscience and Remote Sensing},
  volume={31},
  number={3},
  pages={531--541},
  year={1993},
  publisher={IEEE}
}

@article {Nakamura1995,
author = {Nakamura, R. and Baker, D. N. and Blake, J. B. and Kanekal, S. and Klecker, B. and Hovestadt, D.},
title = {Relativistic electron precipitation enhancements near the outer edge of the radiation belt},
journal = {Geophysical Research Letters},
volume = {22},
number = {9},
issn = {1944-8007},
url = {http://dx.doi.org/10.1029/95GL00378},
doi = {10.1029/95GL00378},
pages = {1129--1132},
year = {1995},
}

@article{Blake1996,
	title = "New high temporal and spatial resolution measurements by SAMPEX of the precipitation of relativistic electrons",
	journal = "Advances in Space Research",
	volume = "18",
	number = "8",
	pages = "171 - 186",
	year = "1996",
	note = "",
	issn = "0273-1177",
	doi = "http://dx.doi.org/10.1016/0273-1177(95)00969-8",
	url = "http://www.sciencedirect.com/science/article/pii/0273117795009698",
	author = "Blake, J. B. and Looper, M. D. and Baker, D. N. and Nakamura, R. and Klecker, B. and Hovestadt, D.",
	}

@book{Baumjohann1997,
  title={Basic space plasma physics},
  author={Baumjohann, Wolfgang and Treumann, Rudolf A},
  year={1997},
  publisher={World Scientific}
}
	
@article{Torrence1998,
author = { Christopher  Torrence  and  Gilbert P.  Compo },
title = {A Practical Guide to Wavelet Analysis},
journal = {Bulletin of the American Meteorological Society},
volume = {79},
number = {1},
pages = {61-78},
year = {1998},
doi = {10.1175/1520-0477(1998)079<0061:APGTWA>2.0.CO;2},
URL = {http://dx.doi.org/10.1175/1520-0477(1998)079<0061:APGTWA>2.0.CO;2},
eprint = {http://dx.doi.org/10.1175/1520-0477(1998)079<0061:APGTWA>2.0.CO;2}
}

@article{Datta1997,
  title={Modeling of microburst electron precipitation using pitch angle diffusion theory},
  author={Datta, S and Skoug, RM and McCarthy, MP and Parks, GK},
  journal={Journal of Geophysical Research: Space Physics},
  volume={102},
  number={A8},
  pages={17325--17333},
  year={1997},
  publisher={Wiley Online Library}
}

@article{Summers1998,
  title={Relativistic theory of wave-particle resonant diffusion with application to electron acceleration in the magnetosphere},
  author={Summers, Danny and Thorne, Richard M and Xiao, Fuliang},
  journal={Journal of Geophysical Research: Space Physics},
  volume={103},
  number={A9},
  pages={20487--20500},
  year={1998},
  publisher={Wiley Online Library}
}

@article{Abel1998_1,
  title={Electron scattering loss in Earth's inner magnetosphere: 1. Dominant physical processes},
  author={Abel, Bob and Thorne, Richard M},
  journal={Journal of Geophysical Research: Space Physics},
  volume={103},
  number={A2},
  pages={2385--2396},
  year={1998},
  publisher={Wiley Online Library}
}

@article{Nakamura2000,
  title={Observations of relativistic electron microbursts in association with {VLF} chorus},
  author={Nakamura, R and Isowa, M and Kamide, Y and Baker, DN and Blake, JB and Looper, M},
  journal={J. Geophys. Res},
  volume={105},
  pages={15875--15885},
  year={2000}
}

@article{Lehtinen2000,
  title={Trapped energetic electron curtains produced by thunderstorm driven relativistic runaway electrons},
  author={Lehtinen, Nikolai G and Inan, Umran S and Bell, Timothy F},
  journal={Geophysical research letters},
  volume={27},
  number={8},
  pages={1095--1098},
  year={2000},
  publisher={Wiley Online Library}
}


@article {Strangeway2000,
author = {Strangeway, R. J. and Russell, C. T. and Carlson, C. W. and McFadden, J. P. and Ergun, R. E. and Temerin, M. and Klumpar, D. M. and Peterson, W. K. and Moore, T. E.},
title = {Cusp field-aligned currents and ion outflows},
journal = {Journal of Geophysical Research: Space Physics},
volume = {105},
number = {A9},
issn = {2156-2202},
url = {http://dx.doi.org/10.1029/2000JA900032},
doi = {10.1029/2000JA900032},
pages = {21129--21141},
keywords = {Ionosphere/magnetosphere interactions, Magnetosphere/ionosphere interactions, Polar cap phenomena},
year = {2000},
}


@article {Lorentzen2001a,
	author = {Lorentzen, K. R. and Blake, J. B. and Inan, U. S. and Bortnik, J.},
	title = {Observations of relativistic electron microbursts in association with {VLF} chorus},
	journal = {Journal of Geophysical Research: Space Physics},
	volume = {106},
	number = {A4},
	issn = {2156-2202},
	url = {http://dx.doi.org/10.1029/2000JA003018},
	doi = {10.1029/2000JA003018},
	pages = {6017--6027},
	keywords = {Particle precipitation, Wave/particle interactionsEnergetic particles: precipitating, Wave/particle interactions},
	year = {2001},
}

@article {Lorentzen2001b,
	author = {Lorentzen, K. R. and Looper, M. D. and Blake, J. B.},
	title = {Relativistic electron microbursts during the {GEM} storms},
	journal = {Geophysical Research Letters},
	volume = {28},
	number = {13},
	issn = {1944-8007},
	url = {http://dx.doi.org/10.1029/2001GL012926},
	doi = {10.1029/2001GL012926},
	pages = {2573--2576},
	keywords = {Magnetospheric Physics: Energetic particles, precipitating, Magnetospheric Physics: Storms and substorms},
	year = {2001},
}

@article{Nykyri2001,
  title={Plasma transport at the magnetospheric boundary due to reconnection in Kelvin-Helmholtz vortices},
  author={Nykyri, K and Otto, A},
  journal={Geophysical research letters},
  volume={28},
  number={18},
  pages={3565--3568},
  year={2001},
  publisher={Wiley Online Library}
}

@inproceedings{Sauvaud2001,
  title={Intermittent thermal plasma acceleration linked to sporadic motions of the magnetopause, first Cluster results},
  author={Sauvaud, J-A and Lundin, R and Reme, H and McFadden, JP and Carlson, C and Parks, GK and M{\"o}bius, E and Kistler, LM and Klecker, B and Amata, E and others},
  booktitle={Annales Geophysicae},
  volume={19},
  number={10/12},
  pages={1523--1532},
  year={2001}
}

@article{Joy2002,
  title={Probabilistic models of the Jovian magnetopause and bow shock locations},
  author={Joy, SP and Kivelson, MG and Walker, RJ and Khurana, KK and Russell, CT and Ogino, T},
  journal={Journal of Geophysical Research: Space Physics},
  volume={107},
  number={A10},
  pages={SMP--17},
  year={2002},
  publisher={Wiley Online Library}
}

@article{Millan2002,
  title={X-ray observations of MeV electron precipitation with a balloon-borne germanium spectrometer},
  author={Millan, Robyn Margaret and Lin, RP and Smith, DM and Lorentzen, KR and McCarthy, MP},
  journal={Geophysical research letters},
  volume={29},
  number={24},
  year={2002},
  publisher={Wiley Online Library}
}

@article{Friedel2002,
title = "Relativistic electron dynamics in the inner magnetosphere — a review ",
journal = "Journal of Atmospheric and Solar-Terrestrial Physics ",
volume = "64",
number = "2",
pages = "265 - 282",
year = "2002",
note = "STEP-Results, Applications and Modelling Phase (S-RAMP) ",
issn = "1364-6826",
doi = "http://dx.doi.org/10.1016/S1364-6826(01)00088-8",
url = "//www.sciencedirect.com/science/article/pii/S1364682601000888",
author = "R.H.W Friedel and G.D Reeves and T Obara",
}

@inproceedings{Meredith2002,
  title={Evidence for acceleration of outer zone electrons to relativistic energies by whistler mode chorus},
  author={Meredith, NP and Horne, RB and Summers, D and Thorne, RM and Iles, RHA and Heynderickx, D and Anderson, RR},
  booktitle={Annales Geophysicae},
  volume={20},
  number={7},
  pages={967--979},
  year={2002}
}

@book{Parks2003, 
place={United States}, 
title={Physics Of Space Plasmas: An Introduction, Second Edition}, 
publisher={Westview Press}, 
author={Parks, G.K.}, 
year={2003}, 
month={Dec}
}

@article {O'Brien2003,
author = {O'Brien, T. P. and Lorentzen, K. R. and Mann, I. R. and Meredith, N. P. and Blake, J. B. and Fennell, J. F. and Looper, M. D. and Milling, D. K. and Anderson, R. R.},
title = {{Energization of relativistic electrons in the presence of ULF power and MeV microbursts: Evidence for dual ULF and VLF acceleration}},
journal = {Journal of Geophysical Research: Space Physics},
volume = {108},
number = {A8},
issn = {2156-2202},
url = {http://dx.doi.org/10.1029/2002JA009784},
doi = {10.1029/2002JA009784},
year = {2003},
}


@article {Selesnick2003,
	author = {Selesnick, R. S. and Blake, J. B. and Mewaldt, R. A.},
	title = {Atmospheric losses of radiation belt electrons},
	journal = {Journal of Geophysical Research: Space Physics},	
	volume = {108},
	number = {A12},
	issn = {2156-2202},
	url = {http://dx.doi.org/10.1029/2003JA010160},
	doi = {10.1029/2003JA010160},
	keywords = {Energetic particles: precipitating, Energetic particles: 	trapped, Magnetospheric Physics: Magnetosphere—inner, Numerical modeling, 	electrons, radiation belt, atmospheric losses, precipitation},
	year = {2003},
	note = {1468},
}

@article {Reeves2003,
author = {Reeves, G. D. and McAdams, K. L. and Friedel, R. H. W. and O'Brien, T. P.},
title = {Acceleration and loss of relativistic electrons during geomagnetic storms},
journal = {Geophysical Research Letters},
volume = {30},
number = {10},
issn = {1944-8007},
url = {http://dx.doi.org/10.1029/2002GL016513},
doi = {10.1029/2002GL016513},
pages = {n/a--n/a},
year = {2003},
note = {1529},
}


@article {Horne2003a,
author = {Horne, R. B. and Thorne, R. M.},
title = {Relativistic electron acceleration and precipitation during resonant interactions with whistler-mode chorus},
journal = {Geophysical Research Letters},
volume = {30},
number = {10},
issn = {1944-8007},
url = {http://dx.doi.org/10.1029/2003GL016973},
doi = {10.1029/2003GL016973},
keywords = {Energetic particles: trapped, Plasma waves and instabilities, Wave/particle interactions, Charged particle motion and acceleration},
year = {2003},
note = {1527},
}

@article{Horne2003b,
  title={Diffuse auroral electron scattering by electron cyclotron harmonic and whistler mode waves during an isolated substorm},
  author={Horne, RB and Thorne, RM and Meredith, NP and Anderson, RR},
  journal={Journal of Geophysical Research: Space Physics},
  volume={108},
  number={A7},
  year={2003},
  publisher={Wiley Online Library}
}

@article{Russell2003,
  title={The structure of the magnetopause},
  author={Russell, CT},
  journal={Planetary and Space Science},
  volume={51},
  number={12},
  pages={731--744},
  year={2003},
  publisher={Elsevier}
}

@article{Santolik2003,
  title={Spatio-temporal structure of storm-time chorus},
  author={Santolik, O and Gurnett, DA and Pickett, JS and Parrot, Michel and Cornilleau-Wehrlin, N},
  journal={Journal of Geophysical Research: Space Physics},
  volume={108},
  number={A7},
  year={2003},
  publisher={Wiley Online Library}
}

@article {Santolik2003SVD,
author = {Santolík, O. and Parrot, M. and Lefeuvre, F.},
title = {Singular value decomposition methods for wave propagation analysis},
journal = {Radio Science},
volume = {38},
number = {1},
issn = {1944-799X},
url = {http://dx.doi.org/10.1029/2000RS002523},
doi = {10.1029/2000RS002523},
pages = {n/a--n/a},
keywords = {Electromagnetics: Instrumentation and techniques, Wave propagation, Plasma waves and instabilities, Instruments and techniques, Waves in plasma, wave propagation, singular value decomposition},
year = {2003},
note = {1010},
}


@article {O'Brien2004,
author = {O'Brien, T. P. and Looper, M. D. and Blake, J. B.},
title = {Quantification of relativistic electron microburst losses during the {GEM} storms},
journal = {Geophysical Research Letters},
volume = {31},
number = {4},
issn = {1944-8007},
url = {http://dx.doi.org/10.1029/2003GL018621},
doi = {10.1029/2003GL018621},
year = {2004},
note = {L04802},
}

@article {Shprits2004,
author = {Shprits, Y. Y. and Thorne, R. M.},
title = {Time dependent radial diffusion modeling of relativistic electrons with realistic loss rates},
journal = {Geophysical Research Letters},
volume = {31},
number = {8},
issn = {1944-8007},
url = {http://dx.doi.org/10.1029/2004GL019591},
doi = {10.1029/2004GL019591},
pages = {n/a--n/a},
keywords = {Energetic particles: precipitating, Energetic particles: trapped, Magnetospheric Physics: Magnetosphere—inner, Numerical modeling},
year = {2004},
note = {L08805},
}

@article{Eastwood2005,
  title={The foreshock},
  author={Eastwood, JP and Lucek, EA and Mazelle, C and Meziane, K and Narita, Y and Pickett, J and Treumann, RA},
  journal={Space Science Reviews},
  volume={118},
  number={1-4},
  pages={41--94},
  year={2005},
  publisher={Springer}
}


@article {Thorne2005,
author = {Thorne, R. M. and O'Brien, T. P. and Shprits, Y. Y. and Summers, D. and Horne, R. B.},
title = {Timescale for {MeV} electron microburst loss during geomagnetic storms},
journal = {Journal of Geophysical Research: Space Physics},
volume = {110},
number = {A9},
issn = {2156-2202},
url = {http://dx.doi.org/10.1029/2004JA010882},
doi = {10.1029/2004JA010882},
year = {2005},
note = {A09202},
}

@article{Horne2005,
  title={Timescale for radiation belt electron acceleration by whistler mode chorus waves},
  author={Horne, Richard B and Thorne, Richard M and Glauert, Sarah A and Albert, Jay M and Meredith, Nigel P and Anderson, Roger R},
  journal={Journal of Geophysical Research: Space Physics},
  volume={110},
  number={A3},
  year={2005},
  publisher={Wiley Online Library}
}

@article {Tsyganenko2005,
author = {Tsyganenko, N. A. and Sitnov, M. I.},
title = {Modeling the dynamics of the inner magnetosphere during strong geomagnetic storms},
journal = {Journal of Geophysical Research: Space Physics},
volume = {110},
number = {A3},
issn = {2156-2202},
url = {http://dx.doi.org/10.1029/2004JA010798},
doi = {10.1029/2004JA010798},
year = {2005},
}

@article {Summers2005,
author = {Summers, Danny},
title = {Quasi-linear diffusion coefficients for field-aligned electromagnetic waves with applications to the magnetosphere},
journal = {Journal of Geophysical Research: Space Physics},
volume = {110},
number = {A8},
issn = {2156-2202},
url = {http://dx.doi.org/10.1029/2005JA011159},
doi = {10.1029/2005JA011159},
pages = {n/a--n/a},
year = {2005},
note = {A08213},
}



@article {Lee2005,
	author = {Lee, J.-J. and Parks, G. K. and Min, K. W. and Kim, H. J. and Park, J. and Hwang, J. and McCarthy, M. P. and Lee, E. and Ryu, K. S. and Lim, 	J. T. and Sim, E. S. and Lee, H. W. and Kang, K. I. and Park, H. Y.},
	title = {Energy spectra of 170-360 {keV} electron microbursts measured by the Korean {STSAT-1}},
	journal = {Geophysical Research Letters},
	volume = {32},
	number = {13},
	issn = {1944-8007},
	url = {http://dx.doi.org/10.1029/2005GL022996},
	doi = {10.1029/2005GL022996},
	keywords = {Energetic particles: precipitating, Energetic particles: trapped, Radiation belts, Magnetic storms and substorms},
	year = {2005},
	note = {L13106},
}

@article {Ukhorskiy2006,
author = {Ukhorskiy, A. Y. and Anderson, B. J. and Brandt, P. C. and Tsyganenko, N. A.},
title = {Storm time evolution of the outer radiation belt: Transport and losses},
journal = {Journal of Geophysical Research: Space Physics},
volume = {111},
number = {A11},
issn = {2156-2202},
url = {http://dx.doi.org/10.1029/2006JA011690},
doi = {10.1029/2006JA011690},
pages = {n/a--n/a},
keywords = {Radiation belts, Magnetic storms and substorms, Energetic particles: trapped, Magnetosphere: inner, Numerical modeling, geomagnetic storms, magnetic field, radiation belt},
year = {2006},
note = {A11S03},
}

@article{Palmroth2006,
  TITLE = {{Magnetopause energy and mass transfer: results from a global MHD simulation}},
  AUTHOR = {Palmroth, M. and Laitinen, T. V. and Pulkkinen, T. I.},
  URL = {https://hal.archives-ouvertes.fr/hal-00318242},
  JOURNAL = {{Annales Geophysicae}},
  PUBLISHER = {{European Geosciences Union}},
  VOLUME = {24},
  NUMBER = {12},
  PAGES = {3467-3480},
  YEAR = {2006},
  MONTH = Dec,
  PDF = {https://hal.archives-ouvertes.fr/hal-00318242/file/angeo-24-3467-2006.pdf},
  HAL_ID = {hal-00318242},
  HAL_VERSION = {v1},
}

@article{Sambridge2006,
  title={Trans-dimensional inverse problems, model comparison and the evidence},
  author={Sambridge, Malcolm and Gallagher, K and Jackson, Andrew and Rickwood, Peter},
  journal={Geophysical Journal International},
  volume={167},
  number={2},
  pages={528--542},
  year={2006},
  publisher={Blackwell Publishing Ltd Oxford, UK}
}

@article{Takahashi2007,
  title={Magnetospheric seismology using multiharmonic toroidal waves observed at geosynchronous orbit},
  author={Takahashi, Kazue and Denton, Richard E},
  journal={Journal of Geophysical Research: Space Physics},
  volume={112},
  number={A5},
  year={2007},
  publisher={Wiley Online Library}
}

@article {Shprits2007,
author = {Shprits, Yuri Y. and Meredith, Nigel P. and Thorne, Richard M.},
title = {Parameterization of radiation belt electron loss timescales due to interactions with chorus waves},
journal = {Geophysical Research Letters},
volume = {34},
number = {11},
issn = {1944-8007},
url = {http://dx.doi.org/10.1029/2006GL029050},
doi = {10.1029/2006GL029050},
pages = {n/a--n/a},
year = {2007},
note = {L11110},
}

@article{Millan2007,
title = "Review of radiation belt relativistic electron losses ",
journal = "Journal of Atmospheric and Solar-Terrestrial Physics ",
volume = "69",
number = "3",
pages = "362 - 377",
year = "2007",
doi = "http://dx.doi.org/10.1016/j.jastp.2006.06.019",
url = "//www.sciencedirect.com/science/article/pii/S1364682606002768",
author = "R.M. Millan and R.M. Thorne",
}

@article{Bortnik2007,
  title={The dual role of ELF/VLF chorus waves in the acceleration and precipitation of radiation belt electrons},
  author={Bortnik, J and Thorne, RM},
  journal={Journal of Atmospheric and Solar-Terrestrial Physics},
  volume={69},
  number={3},
  pages={378--386},
  year={2007},
  publisher={Elsevier}
}

@inproceedings{Partamies2008,
  title={Statistical study of inverted-V structures in FAST data},
  author={Partamies, N and Donovan, E and Knudsen, D},
  booktitle={Annales Geophysicae},
  volume={26},
  number={6},
  pages={1439--1449},
  year={2008},
  organization={Copernicus GmbH}
}

@article{Bortnik2008,
  title={Nonlinear interaction of energetic electrons with large amplitude chorus},
  author={Bortnik, Jacob and Thorne, RM and Inan, Umran S},
  journal={Geophysical Research Letters},
  volume={35},
  number={21},
  year={2008},
  publisher={Wiley Online Library}
}

@BOOK{NRC2013,
  author    = "{National Research Council}",
  title     = "Solar and Space Physics: A Science for a Technological Society",
  isbn      = "978-0-309-16428-3",
  doi       = "10.17226/13060",
  url       = "https://www.nap.edu/catalog/13060/solar-and-space-physics-a-science-for-a-technological-society",
  year      = 2013,
  publisher = "The National Academies Press",
  address   = "Washington, DC"
}

@article{Omura2008,
  title={Theory and simulation of the generation of whistler-mode chorus},
  author={Omura, Yoshiharu and Katoh, Yuto and Summers, Danny},
  journal={Journal of Geophysical Research: Space Physics},
  volume={113},
  number={A4},
  year={2008},
  publisher={Wiley Online Library}
}

@article {Li2009a,
author = {Li, W. and Thorne, R. M. and Angelopoulos, V. and Bortnik, J. and Cully, C. M. and Ni, B. and LeContel, O. and Roux, A. and Auster, U. and Magnes, W.},
title = {Global distribution of whistler-mode chorus waves observed on the {THEMIS} spacecraft},
journal = {Geophysical Research Letters},
volume = {36},
number = {9},
issn = {1944-8007},
url = {http://dx.doi.org/10.1029/2009GL037595},
doi = {10.1029/2009GL037595},
year = {2009},
note = {L09104},
}

@article{Li2009b,
  title={Evaluation of whistler-mode chorus intensification on the nightside during an injection event observed on the {THEMIS} spacecraft},
  author={Li, W and Thorne, RM and Angelopoulos, V and Bonnell, JW and McFadden, JP and Carlson, CW and LeContel, Olivier and Roux, A and Glassmeier, KH and Auster, HU},
  journal={Journal of Geophysical Research: Space Physics},
  volume={114},
  number={A1},
  year={2009},
  publisher={Wiley Online Library}
}

@incollection{Angelopoulos2009,
  title={The THEMIS mission},
  author={Angelopoulos, Vassilis},
  booktitle={The THEMIS mission},
  pages={5--34},
  year={2009},
  publisher={Springer}
}

@article{Dietrich2010,
  title={Relativistic microburst storm characteristics: Combined satellite and ground-based observations},
  author={Dietrich, Sarah and Rodger, Craig J and Clilverd, Mark A and Bortnik, Jacob and Raita, Tero},
  journal={Journal of Geophysical Research: Space Physics},
  volume={115},
  number={A12},
  year={2010},
  publisher={Wiley Online Library}
}

@article{Nishimura2010,
  title={Identifying the driver of pulsating aurora},
  author={Nishimura, Yukioshi and Bortnik, Jacob and Li, Wen and Thorne, Richard M and Lyons, Larry R and Angelopoulos, Vassilis and Mende, SB and Bonnell, JW and Le Contel, Olivier and Cully, Christopher and others},
  journal={Science},
  volume={330},
  number={6000},
  pages={81--84},
  year={2010},
  publisher={American Association for the Advancement of Science}
}

@article{Liang2010,
  title={THEMIS observations of electron cyclotron harmonic emissions, ULF waves, and pulsating auroras},
  author={Liang, Jun and Uritsky, V and Donovan, E and Ni, B and Spanswick, E and Trondsen, T and Bonnell, J and Roux, A and Auster, U and Larson, D},
  journal={Journal of Geophysical Research: Space Physics},
  volume={115},
  number={A10},
  year={2010},
  publisher={Wiley Online Library}
}

@article{Thorne2010,
author = {Thorne, Richard Mansergh},
title = {Radiation belt dynamics: The importance of wave-particle interactions},
journal = {Geophysical Research Letters},
volume = {37},
number = {22},
issn = {1944-8007},
url = {http://dx.doi.org/10.1029/2010GL044990},
doi = {10.1029/2010GL044990},
year = {2010},
note = {L22107},
}

@article{Fang2010,
  title={Parameterization of monoenergetic electron impact ionization},
  author={Fang, Xiaohua and Randall, Cora E and Lummerzheim, Dirk and Wang, Wenbin and Lu, Gang and Solomon, Stanley C and Frahm, Rudy A},
  journal={Geophysical Research Letters},
  volume={37},
  number={22},
  year={2010},
  publisher={Wiley Online Library}
}


@Article{Agapitov2010,
AUTHOR = {Agapitov, O. and Krasnoselskikh, V. and Zaliznyak, Yu. and Angelopoulos, V. and Le Contel, O. and Rolland, G.},
TITLE = {Chorus source region localization in the Earth's outer magnetosphere using THEMIS measurements},
JOURNAL = {Annales Geophysicae},
VOLUME = {28},
YEAR = {2010},
NUMBER = {6},
PAGES = {1377--1386},
URL = {http://www.ann-geophys.net/28/1377/2010/},
DOI = {10.5194/angeo-28-1377-2010}
}

@article{Marklund2011,
  title={Evolution in space and time of the quasi-static acceleration potential of inverted-V aurora and its interaction with Alfv{\'e}nic boundary processes},
  author={Marklund, G{\"o}ran T and Sadeghi, Soheil and Cumnock, Judy A and Karlsson, Tomas and Lindqvist, P-A and Nilsson, H and Masson, A and Fazakerley, A and Lucek, E and Pickett, J and others},
  journal={Journal of Geophysical Research: Space Physics},
  volume={116},
  number={A1},
  year={2011},
  publisher={Wiley Online Library}
}

@article{Tao2011,
  title={Comparison of quasilinear diffusion coefficients for parallel propagating whistler mode waves with test particle simulations},
  author={Tao, X and Bortnik, J and Albert, JM and Liu, K and Thorne, RM},
  journal={Geophysical Research Letters},
  volume={38},
  number={6},
  year={2011},
  publisher={Wiley Online Library}
}

@article{Nishimura2011,
  title={Multievent study of the correlation between pulsating aurora and whistler mode chorus emissions},
  author={Nishimura, Y and Bortnik, J and Li, W and Thorne, RM and Chen, L and Lyons, LR and Angelopoulos, V and Mende, SB and Bonnell, J and Le Contel, Olivier and others},
  journal={Journal of Geophysical Research: Space Physics},
  volume={116},
  number={A11},
  year={2011},
  publisher={Wiley Online Library}
}

@article{Agapitov2011b,
author = {Agapitov, Oleksiy and Krasnoselskikh, Vladimir and Dudok de Wit, Thierry and Khotyaintsev, Yuri and Pickett, Jolene S. and Santolik, Ondrej and Rolland, Guy},
title = {Multispacecraft observations of chorus emissions as a tool for the plasma density fluctuations' remote sensing},
journal = {Journal of Geophysical Research: Space Physics},
volume = {116},
number = {A9},
issn = {2156-2202},
url = {http://dx.doi.org/10.1029/2011JA016540},
doi = {10.1029/2011JA016540},
pages = {n/a--n/a},
keywords = {Wave propagation, Plasma waves and instabilities, Magnetospheric physics, Remote sensing, chorus waves, random media, remote sensing},
year = {2011},
note = {A09222},
}

@article{Nishimura2011a,
  title={Multievent study of the correlation between pulsating aurora and whistler mode chorus emissions},
  author={Nishimura, Y and Bortnik, J and Li, W and Thorne, RM and Chen, L and Lyons, LR and Angelopoulos, V and Mende, SB and Bonnell, J and Le Contel, Olivier and others},
  journal={Journal of Geophysical Research: Space Physics},
  volume={116},
  number={A11},
  year={2011},
  publisher={Wiley Online Library}
}

@Article{Lee2012,
AUTHOR = {Lee, J. J. and Parks, G. K. and Lee, E. and Tsurutani, B. T. and Hwang, J. and Cho, K. S. and Kim, K.-H. and Park, Y. D. and Min, K. W. and McCarthy, M. P.},
TITLE = {Anisotropic pitch angle distribution of ~100 {keV} microburst electrons in the loss cone: measurements from {STSAT-1}},
JOURNAL = {Annales Geophysicae},
VOLUME = {30},
YEAR = {2012},
NUMBER = {11},
PAGES = {1567--1573},
URL = {https://www.ann-geophys.net/30/1567/2012/},
DOI = {10.5194/angeo-30-1567-2012}
}


@article {Saito2012,
	author = {Saito, S. and Miyoshi, Y. and Seki, K.},
	title = {Relativistic electron microbursts associated with whistler chorus rising tone elements: GEMSIS-RBW simulations},
	journal = {Journal of Geophysical Research: Space Physics},
	volume = {117},
	number = {A10},
	issn = {2156-2202},
	url = {http://dx.doi.org/10.1029/2012JA018020},
	doi = {10.1029/2012JA018020},
	pages = {n/a--n/a},
	keywords = {Energetic particles: precipitating, Magnetosphere: inner, Numerical modeling, Plasma waves and instabilities, Radiation belts, microburst, test-particle simulation, whistler chorus},
	year = {2012},
	note = {A10206},
}

@article{Li2012,
  title={Characteristics of hiss-like and discrete whistler-mode emissions},
  author={Li, W and Thorne, RM and Bortnik, J and Tao, X and Angelopoulos, V},
  journal={Geophysical Research Letters},
  volume={39},
  number={18},
  year={2012},
  publisher={Wiley Online Library}
}

@misc{irbem,
  title={Irbem-lib library},
  author={Boscher, D and Bourdarie, S and O'Brien, P and Guild, T and Shumko, M},
  year={2012}
}

@article{Spence2012,
author = {Spence, H. E. and Blake, J. B. and Crew, A. B. and Driscoll, S. and Klumpar, D. M. and Larsen, B. A. and Legere, J. and Longworth, S. and Mosleh, E. and O'Brien, T. P. and Smith, S. and Springer, L. and Widholm, M.},
title = {Focusing on Size and Energy Dependence of Electron Microbursts From the Van Allen Radiation Belts},
journal = {Space Weather},
volume = {10},
number = {11},
pages = {},
year = 2012,
doi = {10.1029/2012SW000869},
url = {https://agupubs.onlinelibrary.wiley.com/doi/abs/10.1029/2012SW000869},
eprint = {https://agupubs.onlinelibrary.wiley.com/doi/pdf/10.1029/2012SW000869}
}

@article{Ozaki2012,
author = {Ozaki, M and Yagitani, S and Ishizaka, K and Shiokawa, K and Miyoshi, Y and Kadokura, A and Yamagishi, H and Kataoka, R and Ieda, A and Ebihara, Y and Sato, N and Nagano, I},
title = {{Observed correlation between pulsating aurora and chorus waves at Syowa Station in Antarctica: A case study}},
journal = {Journal of Geophysical Research: Space Physics},
volume = {117},
number = {A8},
year = 2012,
doi = {10.1029/2011JA017478},
url = {https://agupubs.onlinelibrary.wiley.com/doi/abs/10.1029/2011JA017478},
eprint = {https://agupubs.onlinelibrary.wiley.com/doi/pdf/10.1029/2011JA017478},
}


@article{Funsten2013,
  title={{Helium, Oxygen, Proton, and Electron (HOPE)} mass spectrometer for the radiation belt storm probes mission},
  author={Funsten, HO and Skoug, RM and Guthrie, AA and MacDonald, EA and Baldonado, JR and Harper, RW and Henderson, KC and Kihara, KH and Lake, JE and Larsen, BA and others},
  journal={Space Science Reviews},
  volume={179},
  number={1-4},
  pages={423--484},
  year={2013},
  publisher={Springer}
}

@article{Comess2013,
author = {Comess, MD and Smith, DM and Selesnick, RS and Millan, RM and Sample, JG},
title = {Duskside relativistic electron precipitation as measured by SAMPEX: A statistical survey},
journal = {Journal of Geophysical Research: Space Physics},
volume = {118},
number = {8},
year={2013},
pages = {5050-5058},
keywords = {electron precipitation, SAMPEX, radiation belt},
doi = {10.1002/jgra.50481},
url = {https://agupubs.onlinelibrary.wiley.com/doi/abs/10.1002/jgra.50481},
eprint = {https://agupubs.onlinelibrary.wiley.com/doi/pdf/10.1002/jgra.50481},
}

@article{Blum2013,
  title={New conjunctive CubeSat and balloon measurements to quantify rapid energetic electron precipitation},
  author={Blum, LW and Schiller, Q and Li, X and Millan, R and Halford, A and Woodger, L},
  journal={Geophysical research letters},
  volume={40},
  number={22},
  pages={5833--5837},
  year={2013},
  publisher={Wiley Online Library}
}

@misc{NASA_science_plan2014, 
	author = {NASA},
	title = {Science Plan},
	url = {https://smd-prod.s3.amazonaws.com/science-blue/s3fs-public/atoms/files/2014_Science_Plan_PDF_Update_508_TAGGED.pdf},
	year = {2014}
}

@misc{NASA_strategic_plan2014, 
	author = {NASA},
	title = {Strategic Plan},
	url = {https://www.nasa.gov/sites/default/files/files/FY2014_NASA_SP_508c.pdf},
	year = {2014}
}

@article{Millan2013,
  title={The balloon array for RBSP relativistic electron losses (BARREL)},
  author={Millan, RM and McCarthy, MP and Sample, JG and Smith, DM and Thompson, LD and McGaw, DG and Woodger, LA and Hewitt, JG and Comess, MD and Yando, KB and others},
  journal={Space Science Reviews},
  volume={179},
  number={1-4},
  pages={503--530},
  year={2013},
  publisher={Springer}
}

@article{Hartinger2013,
  title={The role of transient ion foreshock phenomena in driving Pc5 ULF wave activity},
  author={Hartinger, MD and Turner, DL and Plaschke, F and Angelopoulos, V and Singer, H},
  journal={Journal of Geophysical Research: Space Physics},
  volume={118},
  number={1},
  pages={299--312},
  year={2013},
  publisher={Wiley Online Library}
}

@article{Blake2013,
  title={The magnetic electron ion spectrometer {(MagEIS)} instruments aboard the radiation belt storm probes {(RBSP)} spacecraft},
  author={Blake, JB and Carranza, PA and Claudepierre, SG and Clemmons, JH and Crain, WR and Dotan, Y and Fennell, JF and Fuentes, FH and Galvan, RM and George, JS and others},
  journal={Space Science Reviews},
  volume={179},
  number={1-4},
  pages={383--421},
  year={2013},
  publisher={Springer}
}

@article{Mauk2013,
  title={Science objectives and rationale for the radiation belt storm probes mission},
  author={Mauk, BH and Fox, Nicola J and Kanekal, SG and Kessel, RL and Sibeck, DG and Ukhorskiy, A},
  journal={Space Science Reviews},
  volume={179},
  number={1-4},
  pages={3--27},
  year={2013},
  publisher={Springer}
}

@article{Mitchell2013,
  title={Radiation belt storm probes ion composition experiment {(RBSPICE)}},
  author={Mitchell, DG and Lanzerotti, LJ and Kim, CK and Stokes, M and Ho, G and Cooper, S and Ukhorskiy, A and Manweiler, JW and Jaskulek, S and Haggerty, DK and others},
  journal={Space Science Reviews},
  volume={179},
  number={1-4},
  pages={263--308},
  year={2013},
  publisher={Springer}
}

@article{Tsurutani2013,
  title={Energetic electron ({$> 10$} keV) microburst precipitation,\~{} 5--15 s X-ray pulsations, chorus, and wave-particle interactions: A review},
  author={Tsurutani, Bruce T and Lakhina, Gurbax S and Verkhoglyadova, Olga P},
  journal={Journal of Geophysical Research: Space Physics},
  volume={118},
  number={5},
  pages={2296--2312},
  year={2013},
  publisher={Wiley Online Library}
}

@article{Kletzing2013,
  title={{The electric and magnetic field instrument suite and integrated science (EMFISIS) on RBSP}},
  author={Kletzing, CA and Kurth, WS and Acuna, M and MacDowall, RJ and Torbert, RB and Averkamp, T and Bodet, D and Bounds, SR and Chutter, M and Connerney, J and others},
  journal={Space Science Reviews},
  volume={179},
  number={1-4},
  pages={127--181},
  year={2013},
  publisher={Springer}
}

@article{Horne2013,
  title={Space weather impacts on satellites and forecasting the Earth's electron radiation belts with SPACECAST},
  author={Horne, RB and Glauert, SA and Meredith, NP and Boscher, D and Maget, V and Heynderickx, D and Pitchford, D},
  journal={Space Weather},
  volume={11},
  number={4},
  pages={169--186},
  year={2013},
  publisher={Wiley Online Library}
}

@article{Turner2013,
  title={First observations of foreshock bubbles upstream of Earth's bow shock: Characteristics and comparisons to HFAs},
  author={Turner, DL and Omidi, N and Sibeck, DG and Angelopoulos, V},
  journal={Journal of Geophysical Research: Space Physics},
  volume={118},
  number={4},
  pages={1552--1570},
  year={2013},
  publisher={Wiley Online Library}
}

@article{Archer2015,
  title={Global impacts of a Foreshock Bubble: Magnetosheath, magnetopause and ground-based observations},
  author={Archer, MO and Turner, DL and Eastwood, JP and Schwartz, SJ and Horbury, TS},
  journal={Planetary and Space Science},
  volume={106},
  pages={56--66},
  year={2015},
  publisher={Elsevier}
}

@article{Thebault2015,
  title={International geomagnetic reference field: the 12th generation},
  author={Th{\'e}bault, Erwan and Finlay, Christopher C and Beggan, Ciar{\'a}n D and Alken, Patrick and Aubert, Julien and Barrois, Olivier and Bertrand, Francois and Bondar, Tatiana and Boness, Axel and Brocco, Laura and others},
  journal={Earth, Planets and Space},
  volume={67},
  number={1},
  pages={79},
  year={2015},
  publisher={Springer}
}

@article{Drake2015,
  title={The development of a bursty precipitation front with intense localized parallel electric fields driven by whistler waves},
  author={Drake, JF and Agapitov, OV and Mozer, FS},
  journal={Geophysical Research Letters},
  volume={42},
  number={8},
  pages={2563--2570},
  year={2015},
  publisher={Wiley Online Library}
}

@article{Mozer2015,
  title={Time domain structures: What and where they are, what they do, and how they are made},
  author={Mozer, FS and Agapitov, OV and Artemyev, A and Drake, JF and Krasnoselskikh, V and Lejosne, S and Vasko, I},
  journal={Geophysical Research Letters},
  volume={42},
  number={10},
  pages={3627--3638},
  year={2015},
  publisher={Wiley Online Library}
}

@article{Randall2015,
  title={Simulation of energetic particle precipitation effects during the 2003--2004 Arctic winter},
  author={Randall, Cora E and Harvey, V Lynn and Holt, Laura A and Marsh, Dan R and Kinnison, Doug and Funke, Bernd and Bernath, Peter F},
  journal={Journal of Geophysical Research: Space Physics},
  volume={120},
  number={6},
  pages={5035--5048},
  year={2015},
  publisher={Wiley Online Library}
}

@article{Blum2015,
author = {Blum, Lauren and Li, Xinlin and Denton, Mick},
title = {Rapid {MeV} electron precipitation as observed by {SAMPEX/HILT} during high-speed stream-driven storms},
journal = {Journal of Geophysical Research: Space Physics},
volume = {120},
number = {5},
issn = {2169-9402},
url = {http://dx.doi.org/10.1002/2014JA020633},
doi = {10.1002/2014JA020633},
pages = {3783--3794},
keywords = {Radiation belts, Energetic particles: precipitating, Magnetic storms and substorms, radiation belt loss, electron precipitation, high-speed streams},
year = {2015},
note = {2014JA020633},
}

@article{Eastwood2015,
  title={What Controls the Structure and Dynamics of Earth’s Magnetosphere?},
  author={Eastwood, JP and Hietala, H and Toth, G and Phan, TD and Fujimoto, M},
  journal={Space Science Reviews},
  volume={188},
  number={1-4},
  pages={251--286},
  year={2015},
  publisher={Springer}
}


@article {Karlsson2015,
author = {Karlsson, Tomas and Hamrin, Maria and Nilsson, Hans and Kullen, Anita and Pitkänen, Timo},
title = {Magnetic forces associated with bursty bulk flows in Earth's magnetotail},
journal = {Geophysical Research Letters},
volume = {42},
number = {9},
issn = {1944-8007},
url = {http://dx.doi.org/10.1002/2015GL063999},
doi = {10.1002/2015GL063999},
pages = {3122--3128},
keywords = {Magnetosphere: inner, Magnetospheric configuration and dynamics, Plasma convection, Particle acceleration, bursty bulk flows, multipoint measurements, Cluster, curlometer},
year = {2015},
note = {2015GL063999},
}

@article{Woodger2015,
  title={A summary of the {BARREL} campaigns: Technique for studying electron precipitation},
  author={Woodger, LA and Halford, AJ and Millan, RM and McCarthy, MP and Smith, DM and Bowers, GS and Sample, JG and Anderson, BR and Liang, X},
  journal={Journal of Geophysical Research: Space Physics},
  volume={120},
  number={6},
  pages={4922--4935},
  year={2015},
  publisher={Wiley Online Library}
}

@prodeedings{Klumpar2015,
	author={Klumpar, D and Springer, L and Mosleh, E and Mashburn, K and Berardinelli, S and Gunderson, A and Handly, M and Ryhajlo, N and Spence, HE and Smith, SS and Legere, J and Widholm, M and Longworth, S and Crew, AB and Larsen, BA and Blake, JB and Walmsley, N},
	title={Flight system technologies enabling the twin-CubeSat FIREBIRD-II scientific mission},
	year=2015,
	url="http://digitalcommons.usu.edu/smallsat/2015/all2015/35/",
	organization={29th Annual AIAA/USU Conference on Small Satellites}
}

@article{Crew2016,
	author = {Crew, Alexander B. and Spence, Harlan E. and Blake, J. Bernard and Klumpar, David M. and Larsen, Brian A. and O'Brien, T. Paul and Driscoll, Shane and Handley, Matthew and Legere, Jason and Longworth, Stephen and Mashburn, Keith and Mosleh, Ehson and Ryhajlo, Nicholas and Smith, Sonya and Springer, Larry and Widholm, Mark},
	title = {First multipoint in situ observations of electron microbursts: Initial results from the {NSF} {FIREBIRD II} mission},
	journal = {Journal of Geophysical Research: Space Physics},
	volume = {121},
	number = {6},
	issn = {2169-9402},
	url = {http://dx.doi.org/10.1002/2016JA022485},
	doi = {10.1002/2016JA022485},
	pages = {5272--5283},
	keywords = {Radiation belts, Energetic particles: precipitating, Instruments and techniques, radiation belts, microbursts, precipitation, CubeSat},
	year = {2016},
	note = {2016JA022485},
}

@article{Turner2016,
author = {Turner, D. L. and Fennell, J. F. and Blake, J. B. and Clemmons, J. H. and Mauk, B. H. and Cohen, I. J. and Jaynes, A. N. and Craft, J. V. and Wilder, F. D. and Baker, D. N. and Reeves, G. D. and Gershman, D. J. and Avanov, L. A. and Dorelli, J. C. and Giles, B. L. and Pollock, C. J. and Schmid, D. and Nakamura, R. and Strangeway, R. J. and Russell, C. T. and Artemyev, A. V. and Runov, A. and Angelopoulos, V. and Spence, H. E. and Torbert, R. B. and Burch, J. L.},
title = {Energy limits of electron acceleration in the plasma sheet during substorms: A case study with the Magnetospheric Multiscale (MMS) mission},
journal = {Geophysical Research Letters},
volume = {43},
number = {15},
issn = {1944-8007},
url = {http://dx.doi.org/10.1002/2016GL069691},
doi = {10.1002/2016GL069691},
pages = {7785--7794},
keywords = {Plasma sheet, Energetic particles: trapped, Magnetic storms and substorms, Magnetospheric configuration and dynamics, Charged particle motion and acceleration, energetic particle injections, particle acceleration, magnetotail, plasma sheet, reconnection, substorm},
year = {2016},
note = {2016GL069691},
}

@article{Kurita2016,
author = {Kurita, Satoshi and Miyoshi, Yoshizumi and Blake, J. Bernard and Reeves, Geoffery D. and Kletzing, Craig A.},
title = {Relativistic electron microbursts and variations in trapped MeV electron fluxes during the 8–9 October 2012 storm: SAMPEX and Van Allen Probes observations},
journal = {Geophysical Research Letters},
volume = {43},
number = {7},
pages = {3017-3025},
keywords = {relativistic electron microbursts, whistler mode chorus, relativistic electrons, radiation belts, SAMPEX, Van Allen Probes},
doi = {https://doi.org/10.1002/2016GL068260},
url = {https://agupubs.onlinelibrary.wiley.com/doi/abs/10.1002/2016GL068260},
eprint = {https://agupubs.onlinelibrary.wiley.com/doi/pdf/10.1002/2016GL068260},
year = {2016}
}


@Article{Artemyev2016,
author="Artemyev, Anton
and Agapitov, Oleksiy
and Mourenas, Didier
and Krasnoselskikh, Vladimir
and Shastun, Vitalii
and Mozer, Forrest",
title="Oblique Whistler-Mode Waves in the Earth's Inner Magnetosphere: Energy Distribution, Origins, and Role in Radiation Belt Dynamics",
journal="Space Science Reviews",
year="2016",
volume="200",
number="1",
pages="261--355",
issn="1572-9672",
doi="10.1007/s11214-016-0252-5",
url="http://dx.doi.org/10.1007/s11214-016-0252-5"
}

@techreport{O'Brien2016,
	author = {O'Brien, T. P. and Blake, J. B. and Gangestad J. W.},
	title = {{AeroCube}-6 Dosimeter Data {README}},
	number = {TOR-2016-01155},
	institution = {The Aerospace Corporation},
	month = {May},
	year = {2016},
	version = {3}
	}

@article {Blake2016,
author = {Blake, J. B. and O'Brien, T. P.},
title = {Observations of small-scale latitudinal structure in energetic electron precipitation},
journal = {Journal of Geophysical Research: Space Physics},
volume = {121},
number = {4},
issn = {2169-9402},
url = {http://dx.doi.org/10.1002/2015JA021815},
doi = {10.1002/2015JA021815},
pages = {3031--3035},
year = {2016},
note = {2015JA021815},
}

@article {Agapitov2017a,
author = {Agapitov, O. and Blum, L. W. and Mozer, F. S. and Bonnell, J. W. and Wygant, J.},
title = {Chorus whistler wave source scales as determined from multipoint Van Allen Probe measurements},
journal = {Geophysical Research Letters},
issn = {1944-8007},
url = {http://dx.doi.org/10.1002/2017GL072701},
doi = {10.1002/2017GL072701},
pages = {n/a--n/a},
keywords = {Radiation belts, Wave/particle interactions, chorus spatial scales, VLF waves},
year = {2017},
note = {2017GL072701},
}

@article{Turner2017,
  title={Examining coherency scales, substructure, and propagation of whistler mode chorus elements with Magnetospheric Multiscale (MMS)},
  author={Turner, DL and Lee, JH and Claudepierre, SG and Fennell, JF and Blake, JB and Jaynes, AN and Leonard, T and Wilder, FD and Ergun, RE and Baker, DN and others},
  journal={Journal of Geophysical Research: Space Physics},
  volume={122},
  number={11},
  year={2017},
  publisher={Wiley Online Library}
}

@article{Sharma2017,
  title={Markov Chain Monte Carlo methods for Bayesian data analysis in astronomy},
  author={Sharma, Sanjib},
  journal={Annual Review of Astronomy and Astrophysics},
  volume={55},
  pages={213--259},
  year={2017},
  publisher={Annual Reviews}
}

@article{Anderson2017,
  title={Spatial Scale and Duration of One Microburst Region on 13 {August} 2015},
  author={Anderson, BR and Shekhar, S and Millan, RM and Crew, AB and Spence, HE and Klumpar, DM and Blake, JB and O'Brien, TP and Turner, DL},
  journal={Journal of Geophysical Research: Space Physics},
  year={2017},
  publisher={Wiley Online Library}
}

@article{Breneman2017,
  title={Observations directly linking relativistic electron microbursts to whistler mode chorus: Van Allen Probes and {FIREBIRD II}},
  author={Breneman, AW and Crew, A and Sample, J and Klumpar, D and Johnson, A and Agapitov, O and Shumko, M and Turner, DL and Santolik, O and Wygant, JR and others},
  journal={Geophysical Research Letters},
  year=2017,
  publisher={Wiley Online Library}
}

@misc{Wygant2017private,
	author={Wygant, John},
	howpublished="personal communication"
}

@article{Douma2017,
author = {Douma, Emma and Rodger, Craig J. and Blum, Lauren W. and Clilverd, Mark A.},
title = {Occurrence characteristics of relativistic electron microbursts from {SAMPEX} observations},
journal = {Journal of Geophysical Research: Space Physics},
volume = {122},
number = {8},
issn = {2169-9402},
url = {http://dx.doi.org/10.1002/2017JA024067},
doi = {10.1002/2017JA024067},
pages = {8096--8107},
year = {2017},
note = {2017JA024067},
}

@article{Douma2018,
  title={Comparison of relativistic microburst activity seen by SAMPEX with ground-based wave measurements at Halley, Antarctica},
  author={Douma, Emma and Rodger, Craig J and Clilverd, Mark A and Hendry, Aaron T and Engebretson, Mark J and Lessard, Marc R},
  journal={Journal of Geophysical Research: Space Physics},
  volume={123},
  number={2},
  pages={1279--1294},
  year={2018},
  publisher={Wiley Online Library}
}

@article {Mozer2018,
author = {Mozer, F. S. and Agapitov, O. V. and Blake, J. B. and Vasko, I. Y.},
title = {SIMULTANEOUS OBSERVATIONS OF LOWER BAND CHORUS EMISSIONS AT THE EQUATOR AND MICROBURST PRECIPITATING ELECTRONS IN THE IONOSPHERE},
journal = {Geophysical Research Letters},
issn = {1944-8007},
url = {http://dx.doi.org/10.1002/2017GL076120},
doi = {10.1002/2017GL076120},
year = {2018},
}

@techreport {Manweiler2018,
author = {Manweiler, J. W. and Zwiener, H. M.},
title = {{Science Operations Center (SOC) RBSPICE Science Data Handbook Revision:} e},
institution = {Fundamental Technologies, LLC},
year = {2018}
}

@article{Kasahara2018,
  title={Pulsating aurora from electron scattering by chorus waves},
  author={Kasahara, Satoshi and Miyoshi, Yoshizumi and Yokota, Shoichiro and Mitani, Takefumi and Kasahara, Yoshiya and Matsuda, Shoya and Kumamoto, Atsushi and Matsuoka, Ayako and Kazama, Yoichi and Frey, HU and others},
  journal={Nature},
  volume={554},
  number={7692},
  pages={337},
  year={2018},
  publisher={Nature Publishing Group}
}

@article{Seppala2018,
  title={Relativistic electron microburst events: Modeling the atmospheric impact},
  author={Sepp{\"a}l{\"a}, A and Douma, E and Rodger, CJ and Verronen, PT and Clilverd, Mark A and Bortnik, J},
  journal={Geophysical Research Letters},
  volume={45},
  number={2},
  pages={1141--1147},
  year={2018},
  publisher={Wiley Online Library}
}

@article{Shumko2018a,
author = {Shumko, Mykhaylo and Sample, John and Johnson, Arlo and Blake, Bern and Crew, Alex and Spence, Harlan and Klumpar, David and Agapitov, Oleksiy and Handley, Matthew},
title = {Microburst Scale Size Derived From Multiple Bounces of a Microburst Simultaneously Observed With the FIREBIRD-II CubeSats},
journal = {Geophysical Research Letters},
volume = {45},
number = {17},
year = 2018,
pages = {8811-8818},
doi = {10.1029/2018GL078925},
url = {https://agupubs.onlinelibrary.wiley.com/doi/abs/10.1029/2018GL078925},
eprint = {https://agupubs.onlinelibrary.wiley.com/doi/pdf/10.1029/2018GL078925},
}

@article{Shumko2018b,
author = {Shumko, Mykhaylo and Turner, Drew L. and O'Brien, T. P. and Claudepierre, Seth G. and Sample, John and Hartley, D. P. and Fennel, Joseph and Blake, J. Bernard and Gkioulidou, Matina and Mitchell, Donald G.},
title = {Evidence of Microbursts Observed Near the Equatorial Plane in the Outer Van Allen Radiation Belt},
journal = {Geophysical Research Letters},
volume = {45},
year = 2018,
number = {16},
pages = {8044-8053},
doi = {10.1029/2018GL078451},
url = {https://agupubs.onlinelibrary.wiley.com/doi/abs/10.1029/2018GL078451},
eprint = {https://agupubs.onlinelibrary.wiley.com/doi/pdf/10.1029/2018GL078451},
}

@article{Agapitov2018,
  title={Spatial extent and temporal correlation of chorus and hiss: Statistical results from multipoint THEMIS observations},
  author={Agapitov, O and Mourenas, D and Artemyev, A and Mozer, FS and Bonnell, JW and Angelopoulos, V and Shastun, V and Krasnoselskikh, V},
  journal={Journal of Geophysical Research: Space Physics},
  volume={123},
  number={10},
  pages={8317--8330},
  year={2018},
  publisher={Wiley Online Library}
}

@article{Greeley2019,
  title={Quantifying the Contribution of Microbursts to Global Electron Loss in the Radiation Belts},
  author={Greeley, AD and Kanekal, SG and Baker, DN and Klecker, B and Schiller, Q},
  journal={Journal of Geophysical Research: Space Physics},
  year={2019},
  publisher={Wiley Online Library}
}

@article{Douma2019,
  title={Characteristics of relativistic microburst intensity from SAMPEX observations},
  author={Douma, E and Rodger, CJ and Blum, LW and O'Brien, TP and Clilverd, MA and Blake, JB},
  journal={Journal of Geophysical Research: Space Physics},
  year={2019},
  publisher={Wiley Online Library}
}

@article{Shen2019,
  title={Statistical Analysis of Transverse Size of Lower Band Chorus Waves Using Simultaneous Multisatellite Observations},
  author={Shen, Xiao-Chen and Li, Wen and Ma, Qianli and Agapitov, Oleksiy and Nishimura, Yukitoshi},
  journal={Geophysical Research Letters},
  volume={46},
  number={11},
  pages={5725--5734},
  year={2019},
  publisher={Wiley Online Library}
}

@techreport{O'Brien2019,
	author = {O'Brien, T. P. and Looper, M. D. and Blake, J. B.},
	title = {{AeroCube}-6 Dosimeter Equivalent Energy Thresholds and
Flux Conversion Factors},
	number = {TOR-2017-02598},
	institution = {The Aerospace Corporation},
	month = {July},
	year = {2019},
	version = {1}
	}

@article{Shumko2020a,
  title={Electron Microburst Size Distribution Derived with {AeroCube-6}},
  author={Shumko, Mykhaylo and Johnson, AT and Sample, JG and Griffith, Brady A and Turner, Drew L and O'Brien, Thomas Paul and Agapitov, Oleksiy and Blake, J Bernard and Claudepierre, Seth G},
  journal={Journal of Geophysical Research: Space Physics},
  pages={e2019JA027651},
  year={2020},
  publisher={Wiley Online Library}
}

@article{Shumko2020b,
  author = {Shumko, M. and Johnson, A. T. and O'Brien, T. P. and Turner, D. L. and Greeley, A. D. and Sample, J. G. and Blake, J. B. and Blum, L. W. and Halford, A. J.},
  title = {Statistical Properties of Electron Curtain Precipitation Estimated With AeroCube-6},
  journal = {Journal of Geophysical Research: Space Physics},
  volume = {125},
  number = {12},
  pages = {e2020JA028462},
  doi = {https://doi.org/10.1029/2020JA028462},
  url = {https://agupubs.onlinelibrary.wiley.com/doi/abs/10.1029/2020JA028462},
  eprint = {https://agupubs.onlinelibrary.wiley.com/doi/pdf/10.1029/2020JA028462},
  note = {e2020JA028462 10.1029/2020JA028462},
  year = {2020}
}

@article{Johnson2020,
  title={The {FIREBIRD-II} {CubeSat} mission: Focused investigations of relativistic electron burst intensity, range, and dynamics},
  author={Johnson, AT and Shumko, M and Griffith, B and Klumpar, DM and Sample, J and Springer, L and Leh, N and Spence, HE and Smith, S and Crew, A and others},
  journal={Review of Scientific Instruments},
  volume={91},
  number={3},
  pages={034503},
  year={2020},
  publisher={AIP Publishing LLC}
}

@article{Meredith2020,
  title={Global Model of Whistler Mode Chorus in the Near-Equatorial Region $(|\lambda_m|< 18^\circ)$},
  author={Meredith, Nigel P and Horne, Richard B and Shen, Xiao-Chen and Li, Wen and Bortnik, Jacob},
  journal={Geophysical Research Letters},
  volume={47},
  number={11},
  pages={e2020GL087311},
  year={2020},
  publisher={Wiley Online Library}
}

@article{Miyoshi2020,
  title={Relativistic Electron Microbursts as High Energy Tail of Pulsating Aurora Electrons},
  author={Miyoshi, Yoshizumi and Saito, Shinji and Kurita, Satoshi and Asamura, Kazushi and Hosokawa, Keisuke and Sakanoi, Takeshi and Mitani, Takefumi and Ogawa, Yasunobu and Oyama, Shin-ichiro and Tsuchiya, Fuminori and others},
  year={2020}
}

@article{Chen2020,
  author = {Chen, Lunjin and Breneman, Aaron W. and Xia, Zhiyang and Zhang, Xiao-jia},
  title = {Modeling of Bouncing Electron Microbursts Induced by Ducted Chorus Waves},
  journal = {Geophysical Research Letters},
  volume = {47},
  number = {17},
  pages = {e2020GL089400},
  keywords = {microburst, chorus, wave-particle interaction, radiation belt, precipitation},
  doi = {https://doi.org/10.1029/2020GL089400},
  url = {https://agupubs.onlinelibrary.wiley.com/doi/abs/10.1029/2020GL089400},
  eprint = {https://agupubs.onlinelibrary.wiley.com/doi/pdf/10.1029/2020GL089400},
  note = {e2020GL089400 10.1029/2020GL089400},
  year = {2020}
}
